@book{guidorizzi,
    title={Um curso de cálculo},
    author={Hamilton Luiz Guidorizzi},
    isbn={978-85-216-3543-7},
    year={2018},
    publisher={LTC},
    address={Rio de Janeiro},
    volume={1},
    edition={6}
}

@book{lima-analise-1,
    title={Curso de análise},
    author={Elon Lages Lima},
    isbn={978-85-244-0118-3},
    year={2016},
    publisher={IMPA},
    address={Rio de Janeiro},
    volume={1},
    edition={14}
}

@book{domingues-2009,
    title={Fundamentos de Aritmética},
    author={Hygino Hugueros Domingues},
    isbn={978-85-328-0466-2},
    year={2009},
    publisher={Ed. da UFSC},
    address={Florianópolis},
}

@book{domingues-iezzi-2018,
    title={Álgebra Moderna},
    author={Hygino Hugueros Domingues and Gelson Iezzi},
    year={2018},
    publisher={Saraiva},
    address={São Paulo},
    edition={5}
}

@book{roque,
    title={História da matemática},
    subtitle={uma visão crítica, desfazendo mitos e lendas},
    author={Tatiana Roque},
    isbn={978-85-378-0888-7},
    year={2012},
    publisher={Zahar},
    address={Rio de Janeiro},
}

@book{boyer,
    title={História da matemática},
    author={Carl B. Boyer},
    isbn={978-85-212-0023-9},
    year={1996},
    publisher={Edgard Blucher},
    address={São Paulo},
    edition={2}
}

@book{hefez-aritmetica,
    title={Aritmética},
    author={Abramo Hefez},
    isbn={978-85-85818-92-0},
    year={2014},
    publisher={SBM},
    address={Rio de Janeiro},
    series={Coleção PROFMAT; 08}
}

@book{hefez-algebra,
    title={Curso de álgebra},
    author={Abramo Hefez},
    isbn={978-85-244-0079-7},
    year={2014},
    publisher={IMPA},
    address={Rio de Janeiro},
    series={Coleção matemática universitária},
    edition={5}
}

@book{ferreira,
    title={A construção dos números},
    author={Jamil Ferreira},
    isbn={978-85-85818-91-3},
    year={2013},
    publisher={SBM},
    address={Rio de Janeiro},
    series={Coleção Textos universitários; 09}
}

@book{peano,
    title={Arithmetices principia},
    subtitle={nova methodo exposita},
    author={Ioseph Peano},
    year={1889},
    publisher={Fratres Bocca},
    address={Turim},
    url={https://ia903400.us.archive.org/12/items/arithmeticespri00peangoog/arithmeticespri00peangoog.pdf},
    urldate={2022-11-18}
}

@book{barbosa,
    title={Geometria euclidiana plana},
    author={João Lucas Marques Barbosa},
    year={2012},
    publisher={SBM},
    address={Rio de Janeiro},
    edition={11},
    isbn={978-85-8337-106-9}
}

@online{lima-site,
    author={Elon Lages Lima},
    title={Conceitos e controvérsias},
    url       ={https://www.rpm.org.br/cdrpm/1/2.htm},
    urldate ={2023-02-03},
    keywords  = "zero, número natural"
}

@book{suppes,
    title={Axiomatic set theory},
    author={Patrick Suppes},
    year={1972},
    publisher={Dover},
    address={Nova Iorque},
    edition={2}
}